@article{PhysRevD.64.112007,
  title = {Evidence for neutrino oscillations from the observation of ${\overline{\ensuremath{\nu}}}_{e}$ appearance in a ${\overline{\ensuremath{\nu}}}_{\ensuremath{\mu}}$ beam},
  author = {Aguilar, A. et al.},
  collaboration = {LSND Collaboration},
  journal = {Phys. Rev. D},
  volume = {64},
  issue = {11},
  pages = {112007},
  numpages = {22},
  year = {2001},
  month = {Nov},
  publisher = {American Physical Society},
  doi = {10.1103/PhysRevD.64.112007},
  url = {http://link.aps.org/doi/10.1103/PhysRevD.64.112007}
}

@article{PhysRevC.83.054615,
  title = {Improved predictions of reactor antineutrino spectra},
  author = {Mueller, Th. A. et al.},
  journal = {Phys. Rev. C},
  volume = {83},
  issue = {5},
  pages = {054615},
  numpages = {17},
  year = {2011},
  month = {May},
  publisher = {American Physical Society},
  doi = {10.1103/PhysRevC.83.054615},
  url = {http://link.aps.org/doi/10.1103/PhysRevC.83.054615}
}

@article{PhysRevC.88.025501,
	title = {Combined analysis of all three phases of solar neutrino data from the Sudbury Neutrino Observatory},
	author = {Aharmim, B. et al.},
	collaboration = {SNO Collaboration},
	journal = {Phys. Rev. C},
	volume = {88},
	issue = {2},
	pages = {025501},
	numpages = {27},
	year = {2013},
	month = {Aug},
	publisher = {American Physical Society},
	doi = {10.1103/PhysRevC.88.025501},
	url = {http://link.aps.org/doi/10.1103/PhysRevC.88.025501}
}



@article{1538-4357-705-2-L123,
	author={Aldo M. Serenelli and Sarbani Basu and Jason W. Ferguson and Martin Asplund},
	title={New Solar Composition: The Problem with Solar Models Revisited},
	journal={The Astrophysical Journal Letters},
	volume={705},
	number={2},
	pages={L123},
	url={http://stacks.iop.org/1538-4357/705/i=2/a=L123},
	year={2009},
}

@article{ATHANASSOPOULOS1997149,

title = {The {L}iquid {S}cintillator {N}eutrino {D}etector and {LAMPF} neutrino source},
journal = {Nuclear Instruments and Methods in Physics Research Section A: Accelerators, Spectrometers, Detectors and Associated Equipment},
volume = {388},
number = {1},
pages = {149 - 172},
year = {1997},
issn = {0168-9002},
doi = {http://dx.doi.org/10.1016/S0168-9002(96)01155-2},
url = {http://www.sciencedirect.com/science/article/pii/S0168900296011552},
author = {C Athanassopoulos et al.}
}

@article{AguilarArevalo200928,
title = {The {MiniBooNE} detector},
journal ={Nuclear Instruments and Methods in Physics Research Section A: Accelerators, Spectrometers, Detectors and Associated Equipment},
volume = {599},
number = {1},
pages = {28 - 46},
year = {2009},
issn = {0168-9002},
doi ={http://dx.doi.org/10.1016/j.nima.2008.10.028},
url ={http://www.sciencedirect.com/science/article/pii/S0168900208015404},
author = {A.A. Aguilar-Arevalo et al.},
}

@Article{annurev-nucl-102711-094957,
	author = {Janet M. Conrad, William C. Louis, and Michael H. Shaevitz},
	title = {The {LSND} and {MiniBooNE} Oscillation Searches at High $ {\Delta} m^2 $},
	journal = {Annual Review of Nuclear and Particle Science},
	year = {2013},
}


